<?xml version="1.0" encoding="UTF-8"?>
<collection xmlns:xsi="http://www.w3.org/2001/XMLSchema-instance" xsi:schemaLocation="http://www.loc.gov/MARC21/slim http://www.loc.gov/standards/marcxml/schema/MARC21slim.xsd" xmlns="http://www.loc.gov/MARC21/slim">
<record>
  <leader>01137nam a2200229M  4500</leader>
  <controlfield tag="001">3062138</controlfield>
  <controlfield tag="003">NNC</controlfield>
  <controlfield tag="005">20030429142358.0</controlfield>
  <controlfield tag="008">950717m19491965ua       b    000 0 arard</controlfield>
  <datafield tag="035" ind1=" " ind2=" ">
    <subfield code="a">(OCoLC)ocm33466753</subfield>
  </datafield>
  <datafield tag="035" ind1=" " ind2=" ">
    <subfield code="9">ATN3796CU</subfield>
  </datafield>
  <datafield tag="040" ind1=" " ind2=" ">
    <subfield code="a">TEU</subfield>
    <subfield code="c">TEU</subfield>
    <subfield code="d">ZCU</subfield>
  </datafield>
  <datafield tag="050" ind1=" " ind2="4">
    <subfield code="a">PJ8206</subfield>
    <subfield code="b">.S3</subfield>
  </datafield>
  <datafield tag="100" ind1="1" ind2=" ">
    <subfield code="a">Salīm, Maḥmūd Rizq.</subfield>
  </datafield>
  <datafield tag="245" ind1="1" ind2="0">
    <subfield code="a">ʻAṣr salāṭīn al-mamālīk wa-natājih al-ʻilmī wa-al-adabī /</subfield>
    <subfield code="c">taʾlīf Maḥmūd Rizq Salīm.</subfield>
  </datafield>
  <datafield tag="260" ind1=" " ind2=" ">
    <subfield code="a">[al-Qāhirah] :</subfield>
    <subfield code="b">Maktabat al-Ādāb,</subfield>
    <subfield code="c">1949-1965.</subfield>
  </datafield>
  <datafield tag="300" ind1=" " ind2=" ">
    <subfield code="a">4 pts. in 8 v. ;</subfield>
    <subfield code="c">24 cm.</subfield>
  </datafield>
  <datafield tag="500" ind1=" " ind2=" ">
    <subfield code="a">Vol. 6 published by Wizārat al-Thaqāfah wa-al-Irshād al-Qawmī, al-Idārah al-ʻĀmmah lil-Thaqāfah</subfield>
  </datafield>
  <datafield tag="504" ind1=" " ind2=" ">
    <subfield code="a">Bibliographical footnotes.</subfield>
  </datafield>
  <datafield tag="505" ind1="0" ind2=" ">
    <subfield code="a">Mujallad 1-2. Khilāṣāt fī sīr mulūk hādhā al-ʻaṣr. al-Ṭabʻah 2. 1962-1965. -- Mujallad 3-4. al-Ḥarakah al-ʻilmīyah 1949-50 [cover 1952]. -- Mujallad 5-6. al-Nathr al-fannī. 1955 [cover 1956]-62. -- Mujallad 7-8. Athar al-bīʾah al-Miṣrīyah fī al-shiʻr. al-Ṭabʻah 1. 1965.</subfield>
  </datafield>
  <datafield tag="650" ind1=" " ind2="0">
    <subfield code="a">Arabic literature</subfield>
    <subfield code="z">Egypt</subfield>
    <subfield code="x">History and criticism.</subfield>
  </datafield>
  <datafield tag="955" ind1=" " ind2=" ">
    <subfield code="b">0036762121</subfield>
    <subfield code="d">glx</subfield>
    <subfield code="e">PJ8206 .S3</subfield>
    <subfield code="v">v.3</subfield>
  </datafield>
</record>
</collection>